% Encoding: UTF-8
@inproceedings{Miller2013GraphDA,
  title={Graph Database Applications and Concepts with Neo4j},
  author={Justin J. Miller},
  year={2013}
}

@online{RiakKV,
	title={Riak KV},
	url={https://docs.riak.com/riak/kv/2.2.3/index.html},
	urldate={2019-03-17},
}

@online{RiakKVHTTP,
	title={HTTP API},
	url={https://docs.riak.com/riak/kv/2.2.3/developing/api/http/index.html},
	urldate={2019-03-31},
}

@online{RiakKVProtoBuf,
	title={Protocol Buffers Client API},
	url={https://docs.riak.com/riak/kv/2.2.3/developing/api/protocol-buffers/index.html},
	urldate={2019-03-31},
}

@online{RiakTS,
	title={Riak TS},
	url={https://docs.riak.com/riak/ts/1.5.2/},
	urldate={2019-03-31},
}

@online{RiakCS,
	title={Riak Cloud Storage},
	url={https://docs.riak.com/riak/cs/2.1.1/},
	urldate={2019-03-31},
}

@online{RiakStrongConsistency,
	title={Strong Consistency},
	url={https://docs.riak.com/riak/kv/2.2.3/learn/concepts/strong-consistency/index.html},
	urldate={2019-03-31},
}

@online{RiakUsingMapReduce,
	title={Using MapReduce},
	url={https://docs.riak.com/riak/kv/2.2.3/developing/usage/mapreduce.1.html},
	urldate={2019-04-12},
}

@online{RiakNodeJsClient,
	title={The Riak client for Node.js.},
	url={https://github.com/basho/riak-nodejs-client},
	urldate={2019-04-13},
}

@article{Kuznetsov2014,
	author={Kuznetsov, S. D. and Poskonin, A. V.},
	title={NoSQL data management systems},
	journal={Programming and Computer Software},
	year={2014},
	month={11},
	day={01},
	volume={40},
	number={6},
	pages={323--332},
}

@inproceedings{DeCandia2007Dynamo,
	author = {DeCandia, Giuseppe and Hastorun, Deniz and Jampani, Madan and Kakulapati, Gunavardhan and Lakshman, Avinash and Pilchin, Alex and Sivasubramanian, Swaminathan and Vosshall, Peter and Vogels, Werner},
	title = {Dynamo: Amazon's Highly Available Key-value Store},
	booktitle = {{Proceedings of Twenty-first ACM SIGOPS Symposium on Operating Systems Principles}},
	series = {SOSP '07},
	year = {2007},
	isbn = {978-1-59593-591-5},
	location = {Stevenson, Washington, USA},
	pages = {205--220},
	numpages = {16},
	url = {http://doi.acm.org/10.1145/1294261.1294281},
	doi = {10.1145/1294261.1294281},
	publisher = {ACM},
	address = {New York, NY, USA},
} 

@inproceedings{Brewer1999,
	author={Fox, Armando and Brewer, Eric A.},
	booktitle={Proceedings of the Seventh Workshop on Hot Topics in Operating Systems},
	title={Harvest, yield, and scalable tolerant systems},
	year={1999},
	pages={174-178},
	doi={10.1109/HOTOS.1999.798396},
	month={3},
}

@Online{neo4jmark,
  title = {Neo4j: Product},
  url ={https://neo4j.com/product/},
  urldate = {2019-04-07}
}

@article{GarimaAnalysis,
author = {Jaiswal, Garima},
year = {2013},
month = {08},
pages = {25-27},
title = {Comparative analysis of Relational and Graph databases},
volume = {03},
journal = {IOSR Journal of Engineering},
doi = {10.9790/3021-03822527}
}

@Online{neo4jweb,
  organization = {Neo4j Inc.},
  title = {Neo4j Website: Why Neo4j? Top Ten Reasons},
  url = {https://neo4j.com/top-ten-reasons/},
  urldate = {2019-03-25}
}

@Online{mysqlsecurity,
  title = {MySQL Website: Security in MySQL},
  url ={https://dev.mysql.com/doc/mysql-security-excerpt/5.7/en/},
  urldate = {2019-03-25}
}

@inproceedings{Vicknair2010,
 author = {Vicknair, Chad and Macias, Michael and Zhao, Zhendong and Nan, Xiaofei and Chen, Yixin and Wilkins, Dawn},
 title = {A Comparison of a Graph Database and a Relational Database: A Data Provenance Perspective},
 booktitle = {Proceedings of the 48th Annual Southeast Regional Conference},
 series = {ACM SE '10},
 year = {2010},
 isbn = {978-1-4503-0064-3},
 location = {Oxford, Mississippi},
 pages = {42:1--42:6},
 articleno = {42},
 numpages = {6},
 url = {http://doi.acm.org/10.1145/1900008.1900067},
 doi = {10.1145/1900008.1900067},
 acmid = {1900067},
 publisher = {ACM},
 address = {New York, NY, USA},
}

@book{Robinson2013,
 author = {Robinson, Ian and Webber, Jim and Eifrem, Emil},
 title = {Graph Databases},
 year = {2013},
 isbn = {1449356265},
 publisher = {O'Reilly Media, Inc.}
}

@article{Wood2012QueryLF,
  title={Query languages for graph databases},
  author={Peter T. Wood},
  journal={SIGMOD Record},
  year={2012},
  volume={41},
  pages={50-60}
}

@inproceedings{Huang2002,
 author = {Huang, Zan and Chung, Wingyan and Ong, Thian-Huat and Chen, Hsinchun},
 title = {A Graph-based Recommender System for Digital Library},
 booktitle = {Proceedings of the 2Nd ACM/IEEE-CS Joint Conference on Digital Libraries},
 series = {JCDL '02},
 year = {2002},
 isbn = {1-58113-513-0},
 location = {Portland, Oregon, USA},
 pages = {65--73},
 numpages = {9},
 url = {http://doi.acm.org/10.1145/544220.544231},
 doi = {10.1145/544220.544231},
 acmid = {544231},
 publisher = {ACM},
 address = {New York, NY, USA},
 keywords = {Hopfield net algorithm, chinese phrase extraction, collaborative filtering, content-based filtering, graph-based model, mutual information algorithm, recommender system}
}

@inproceedings{Angles2018AnIT,
  title={An Introduction to Graph Data Management},
  author={Renzo Angles and Claudio Gutierrez},
  booktitle={Graph Data Management},
  year={2018}
}

@article{KUPERLDM,
author = {Kuper, Gabriel},
year = {1985},
month = {09},
pages = {},
title = {The logical data model : a new approach to database logic /}
}

@inproceedings{Shipman1979,
 author = {Shipman, David W.},
 title = {The Functional Data Model and the Data Language DAPLEX},
 booktitle = {Proceedings of the 1979 ACM SIGMOD International Conference on Management of Data},
 series = {SIGMOD '79},
 year = {1979},
 isbn = {0-89791-001-X},
 location = {Boston, Massachusetts},
 pages = {59--59},
 numpages = {1},
 url = {http://doi.acm.org/10.1145/582095.582105},
 doi = {10.1145/582095.582105},
 acmid = {582105},
 publisher = {ACM},
 address = {New York, NY, USA}
}

@Online{neo4j:editions,
  organization = {Neo4j Inc.},
  title = {{Neo4j Website: Neo4j Subscriptions}},
  url = {https://neo4j.com/subscriptions},
  urldate = {2019-03-30}
}

@Online{neomodel:rtd,
  author = {Robin Edwards},
  title = {{neomodel - Getting started}},
  url = {https://neomodel.readthedocs.io/en/latest/getting_started.htm},
  year = {2019},
  urldate = {2019-03-25}
}

@Manual{neo4j:rel_to_graph,
  organization = {Neo4j Inc.},
  title = {{Neo4j Website: Model: Relational to Graph}},
  url = {https://neo4j.com/developer/relational-to-graph-modeling/},
  year = {2019},
  urldate = {2019-03-25}
}

@Manual{neo4j:graph_vs_rdbms,
  organization = {Neo4j Inc.},
  title = {{Neo4j Website: Concepts: Relational to Graph}},
  url = {https://neo4j.com/developer/graph-db-vs-rdbms/},
  year = {2019},
  urldate = {2019-03-25}
}

@Manual{neo4j:cypher_introduction,
  organization = {Neo4j Inc.},
  title = {{Neo4j Website: Cypher Query Language}},
  url = {https://neo4j.com/developer/cypher/},
  year = {2019},
  urldate = {2019-03-30}
}

@Manual{neo4j:op_manual,
  organization = {Neo4j Inc.},
  title = {{The Neo4j Operations Manual v3.5}},
  url = {https://neo4j.com/docs/operations-manual/current/},
  year = {2019},
  urldate = {2019-03-30}
}

@Online{dzone:rel_to_graph,
  author = {Michael Hunger},
  title = {From Relational to Graph: A Developer's Guide},
  url = {https://dzone.com/refcardz/from-relational-to-graph-a-developers-guide},
  urldate = {2019-03-25},
}

@Online{openCypher,
  organization = {Neo4j Inc.},
  title = {{openCypher -- About}},
  url = {http://www.opencypher.org/},
  urldate = {2019-03-28},
  year = {2018}
}

@Online{github:neomodel,
  author = {Athanasios Anastasiou},
  title = {neomodel},
  url = {https://github.com/neo4j-contrib/neomodel/blob/master/README.rst},
  urldate = {2019-03-29},
  year = {2019}
}

@Online{neo4j:why_graphdb,
  title        = {Neo4j Website: Why Graph Database?},
  url          = {https://neo4j.com/top-ten-reasons/},
  organization = {Neo4j Inc.},
  urldate      = {2019-04-02},
}

@Online{neo4j:graphdb,
  title        = {Neo4j Website: What is a Graph Database?},
  url          = {https://neo4j.com/developer/graph-database/},
  organization = {Neo4j Inc.},
  urldate      = {2019-04-02},
}

@Book{graphdb2015,
  author      = {Emil Eifrem and Jim Webber and Ian Robinson},
  title       = {Graph Databases: New Opportunities for Connected Data},
  year        = {2015},
  edition     = {2},
  publisher   = {O'Reilly Media},
  isbn        = {9781491930892},
  description = {Graph Databases: New Opportunities for Connected Data (Book, 2015)},
  month       = {7},
}

@Book{maheshlal2015,
  author      = {Mahesh Lal},
  title       = {Neo4j Graph Data Modeling},
  year        = {2015},
  publisher   = {Packt Publishing - ebooks Account},
  isbn        = {1784393444},
  description = {Neo4j Graph Data Modeling (Book, 2015)},
  month       = {7},
}

@Manual{neo4j:use_cases,
  author       = {Jim Webber;Ian Robinson;},
  title        = {{White paper: The Top 5 Use Cases of Graph Databases}},
  organization = {Neo4j Inc.},
  url          = {https://go.neo4j.com/rs/710-RRC-335/images/Neo4j_Top5_UseCases_Graph%20Databases.pdf},
  urldate      = {2019-04-02},
  description  = {The Top 5 Use Cases of Graph Databases: Unlocking New Possibilities with Connected Data},
}

@Online{dzone:understanding_cap,
  author = {Akhil Mehra},
  title = {{Understanding the CAP Theorem}},
  url = {https://dzone.com/articles/understanding-the-cap-theorem},
  year = {2017},
  month = {9},
  day = {6},
  urldate = {2019-04-02},
}

@article{DBLP:journals/corr/Kleppmann15,
  author    = {Martin Kleppmann},
  title     = {A Critique of the {CAP} Theorem},
  journal   = {CoRR},
  volume    = {abs/1509.05393},
  year      = {2015},
  url       = {http://arxiv.org/abs/1509.05393},
  archivePrefix = {arXiv},
  eprint    = {1509.05393},
  timestamp = {Mon, 13 Aug 2018 16:49:13 +0200},
  biburl    = {https://dblp.org/rec/bib/journals/corr/Kleppmann15},
  bibsource = {dblp computer science bibliography, https://dblp.org},
  urldate = {2019-04-02},
}

@Online{infoq:neo4j,
  author = {Srini Penchikala},
  title = {{Neo4j 3.1 Supports Causal Clustering and Security Enhancements}},
  url = {https://www.infoq.com/news/2016/12/neo4j-3.1},
  year = {2016},
  month = {12},
  day = {31},
  urldate = {2019-04-02},
}

@Online{kleppmann:caprant,
  author = {Martin Kleppmann},
  title = {{Please stop calling databases CP or AP}},
  url = {http://martin.kleppmann.com/2015/05/11/please-stop-calling-databases-cp-or-ap.html},
  year = {2015},
  month = {5},
  day = {11},
  urldate = {2019-04-02},
}

@Online{orientdb:vs_neo4j,
  organization = {Callidus Software Inc},
  title = {OrientDB Website: OrientDB vs Neo4j},
  url = {https://orientdb.com/orientdb-vs-neo4j/},
  urldate = {2019-04-05}
}

@Online{orientdb:why,
  organization = {Callidus Software Inc},
  title = {OrientDB Website: Why OrientDB},
  url = {https://orientdb.com/why-orientdb/},
  urldate = {2019-04-05}
}

@Online{orientdb:support,
  organization = {Callidus Software Inc},
  title = {OrientDB Website: Support and Subscriptions},
  url = {https://orientdb.com/support/},
  urldate = {2019-04-05}
}

@inproceedings{cloudcom:2012,
  author    = {Miyuru Dayarathna and
               Toyotaro Suzumura},
  title     = {XGDBench: {A} benchmarking platform for graph stores in exascale clouds},
  booktitle = {4th {IEEE} International Conference on Cloud Computing Technology
               and Science Proceedings, CloudCom 2012, Taipei, Taiwan, December 3-6,
               2012},
  pages     = {363--370},
  year      = {2012},
  url       = {https://doi.org/10.1109/CloudCom.2012.6427516},
  doi       = {10.1109/CloudCom.2012.6427516},
  timestamp = {Tue, 23 May 2017 01:07:20 +0200},
  biburl    = {https://dblp.org/rec/bib/conf/cloudcom/DayarathnaS12},
  bibsource = {dblp computer science bibliography, https://dblp.org}
}

@Manual{orientdb:cluster,
  organization = {Callidus Software Inc},
  title = {{Setting up a Distributed Graph Database}},
  url = {https://orientdb.com/docs/last/Tutorial-Setup-a-distributed-database.html},
  urldate = {2019-04-05}
}

@ONLINE{hazelcast,
	TITLE={Hazelcast Jet},
	ORGANIZATION={{Hazelcast, Inc.}},
	URLDATE= {2019-03-27},
	URL= {https://hazelcast.com/products/jet/},
}

@INPROCEEDINGS{tasci2015, 
    AUTHOR={S. {Tasci} and M. {Demirbas}}, 
    BOOKTITLE={2015 IEEE International Conference on Big Data (Big Data)}, 
    TITLE={Employing in-memory data grids for distributed graph processing}, 
    YEAR={2015}, 
    PAGES={1856-1864}, 
    KEYWORDS={Big Data;data structures;distributed processing;graph theory;in-memory data grids;distributed graph processing;IMDG;big data;RAM;unit tests;core distributed operations;data structures;performance tradeoffs;large-scale graph processing;batch-mode graph processing;online graph processing;social networks;Web services applications;Distributed databases;Data structures;Servers;Space exploration;Scalability;Big data}, 
    DOI={10.1109/BigData.2015.7363959}, 
    MONTH={10},}

@ONLINE{hazelcastmanual,
	TITLE={Hazelcast IMDG Reference Manual},
	ORGANIZATION={{Hazelcast, Inc.}},
	URLDATE= {2019-03-27},
	URL= {https://docs.hazelcast.org/docs/3.11.2/manual/html-single/index.html#hazelcast-imdg-reference-manual},
}

@BOOK{johns2015,
	AUTHOR = {M. {Johns}},
	YEAR = {2015},
	MONTH={07},
	TITLE = {Getting Started with Hazelcast - Second Edition - },
	EDITION = {2},
	ISBN = {978-1-785-28533-2},
	PUBLISHER = {Packt Publishing},
	ADDRESS = {Birmingham},
}

@ONLINE{hazelcastnosql,
	TITLE={In-Memory NoSQL with Hazelcast IMDG},
	ORGANIZATION={{Hazelcast, Inc.}},
	URLDATE= {2019-03-27},
	URL= {https://hazelcast.org/use-cases/in-memory-nosql/},
}

@ONLINE{hazelcastredis,
	TITLE={Redis Replacement},
	ORGANIZATION={{Hazelcast, Inc.}},
	URLDATE= {2019-03-27},
	URL= {https://hazelcast.org/use-cases/redis-replacement/},
}

@BOOK{keyValueIntro,
	AUTHOR = {T. {Kudraß}},
	YEAR = {2015},
	MONTH={03},
	TITLE = {Taschenbuch Datenbanken},
	ISBN = {9783446440265},
	PUBLISHER = {Packt Publishing},
	PAGES={369-373}
}

@ONLINE{keyValueUsecase,
	TITLE={From RDBMS to Key-Value Store: Data Modeling Techniques},
	AUTHOR={Wishmitha S. Mendis},
	URLDATE={2017-04-02},
	URL={https://medium.com/@wishmithasmendis/from-rdbms-to-key-value-store-data-modeling-techniques-a2874906bc46}
}

@ONLINE{hazelcastCAP,
	TITLE={What CAP Theorem Means to a Business Leader},
	ORGANIZATION={{Hazelcast, Inc.}},
	URLDATE= {2019-04-01},
	URL= {https://hazelcast.com/blog/what-cap-theorem-means-to-a-business-leader/},
}

@ONLINE{hazelcastCP,
	TITLE={Jepsen Analysis on Hazelcast 3.8.3},
    AUTHOR ={Greg Luck},
	ORGANIZATION={{Hazelcast, Inc.}},
	URLDATE= {2019-04-01},
	URL= {https://hazelcast.com/blog/jepsen-analysis-hazelcast-3-8-3/},
}

@ONLINE{hazelcast:hazelcastDownload,
    title={Hazelcast Downloads},
	organization={{Hazelcast, Inc.}},
	urldate= {2019-04-05},
	url= {https://hazelcast.org/download/},
}

@ONLINE{redis:dataTypes,
  title = 	 {Data Types},
  organization = {{Redis}},
  urldate =  {2019-03-27},
  url =      {https://redis.io/topics/data-types},
}
@ONLINE{redis:commands,
  title = 	 {Commands},
  organization = {{Redis}},
  urldate =  {2019-03-27},
  url =      {https://redis.io/commands},
}
@ONLINE{redis:introduction,
  title = 	 {Introduction to Redis},
  organization = {{Redis}},
  urldate =  {2019-03-27},
  url =      {https://redis.io/topics/introduction},
}
@ONLINE{redis:PubSub,
  title = 	 {Pub/Sub},
  organization = {{Redis}},
  urldate =  {2019-03-27},
  url =      {https://redis.io/topics/pubsub},
}
@ONLINE{redis:dataTypesIntroduction,
  title = 	 {An introduction to Redis data types and abstractions},
  organization = {{Redis}},
  urldate =  {2019-03-27},
  url =      {https://redis.io/topics/data-types-intro},
}
@ONLINE{redis:persistence,
  title = 	 {Redis Persistence},
  organization = {{Redis}},
  urldate =  {2019-03-27},
  url =      {https://redis.io/topics/persistence},
}
@ONLINE{redis:protocol,
  title =    {Redis Protocol specification},
  organization = {{Redis}},
  urldate =  {2019-03-26},
  url =      {https://redis.io/topics/protocol},
}
@ONLINE{redis:clusterSpecification,
  title = 	 {Redis Cluster Specification},
  organization = {{Redis}},
  urldate =  {2019-03-31},
  url =      {https://redis.io/topics/cluster-spec},
}
@ONLINE{redis:clusterTutorial,
  title =    {Redis Cluster Tutorial},
  organization = {{Redis}},
  urldate =  {2019-04-14},
  url =      {https://redis.io/topics/cluster-tutorial},
}
@ONLINE{redis:davis2015,
  title = 	 {An Introduction to Redis Cluster},
  author = {Michael Davis},
  organization = {{Credera}},
  publisher = {{Credera}},
  year = 	 {2015},
  month = {06},
  urldate =  {2019-03-31},
  url =      {https://www.credera.com/blog/technology-insights/open-source-technology-insights/an-introduction-to-redis-cluster/},
}
@ONLINE{redis:img:1,
  author = {Olawale Akinseye},
  title = 	 {Introduction to Caching and Redis},
  year = {2018},
  month = {03},
  urldate = {2019-04-15},
  url = {https://www.codementor.io/brainyfarm/introduction-to-caching-and-redis-h6o16p4qx},
}
@ONLINE{redis:ibmPubSub,
  organization = {{IBM}},
  title = 	 {Publish/Subscribe},
  urldate = {2019-04-15},
  url = {https://www.ibm.com/support/knowledgecenter/de/SSCGGQ_1.2.0/com.ibm.ism.doc/Overview/ov00030.html},
}

@ONLINE{brewer2000,
  organization = {{University of California, Berkely}},
  author = {Brewer, Dr. Eric A.},
  title = {Towards Robust Distributed Systems},
  year = {2000},
  month = {07},
  urldate = {2019-04-15},
  url = {https://people.eecs.berkeley.edu/~brewer/cs262b-2004/PODC-keynote.pdf},
}

@ONLINE{dbenginesRanking,
  organization = {{db-engines.com}},
  publisher = {{solid IT}},
  title = {DB-Engines Ranking},
  urldate = {2019-04-15},
  url = {https://db-engines.com/en/ranking},
}
@ONLINE{edgar,
  author = {Edgar, John},
  title = {{CMPT 454}},
  subtitle = {Data Storage and Disk Access},
  organization = {Simon Fraser University},
  location = {Burnaby, British Columbia, Canada},
  urldate = {2019-04-12},
  url = {http://www.cs.sfu.ca/CourseCentral/454/johnwill/},
}

@ONLINE{amazonNoSql,
  AUTHOR={Amazon},
  TITLE={What Is a Document Database?},
  YEAR={2019},
  URL={https://aws.amazon.com/nosql/document/},
  URLDATE={2019-03-10}
}

@online{couchbaseWeb,
  author = {Couchbase},
  title = {Couchbase},
  year = 2019,
  url = {https://www.couchbase.com/},
  urldate = {2019-03-10}
}

@online{couchbaseAbout,
  author = {Couchbase},
  title = {Couchbase About},
  year = 2019,
  url = {https://www.couchbase.com/about},
  urldate = {2019-03-10}
}

@online{couchbaseDocuMemory,
  author = {Couchbase},
  title = {Couchbase Documentation: Buckets, Memory, and Storage},
  year = 2019,
  url = {https://docs.couchbase.com/server/6.0/learn/buckets-memory-and-storage/buckets-memory-and-storage.html},
  urldate = {2019-03-11}
}

@online{couchbaseDocuData,
  author = {Couchbase},
  title = {Couchbase Documentation: Data},
  year = 2019,
  url = {https://docs.couchbase.com/server/6.0/learn/data/data.html},
  urldate = {2019-03-12}
}

@online{couchbaseDocuExtendedAttributes,
  author = {Couchbase},
  title = {Couchbase Documentation: Extended Attributes},
  year = 2019,
  url = {https://docs.couchbase.com/server/6.0/learn/data/extended-attributes-fundamentals.html},
  urldate = {2019-03-12}
}

@online{couchbaseDocuDataModel,
  author = {Couchbase},
  title = {Couchbase Documentation: The Couchbase Data Model},
  year = 2019,
  url = {https://docs.couchbase.com/server/6.0/learn/data/document-data-model.html},
  urldate = {2019-03-12}
}

@online{couchbaseDocuSubDoc,
  author = {Couchbase},
  title = {Couchbase Documentation: Buckets, Memory, and Storage},
  year = 2019,
  url = {https://docs.couchbase.com/java-sdk/2.7/subdocument-operations.html},
  urldate = {2019-03-12}
}

@online{couchbaseDocuBuckets,
  author = {Couchbase},
  title = {Couchbase Documentation: Buckets},
  year = 2019,
  url = {https://docs.couchbase.com/server/6.0/learn/buckets-memory-and-storage/buckets.html},
  urldate = {2019-03-12}
}

@online{couchbaseDocuCompression,
  author = {Couchbase},
  title = {Couchbase Documentation: Compression},
  year = 2019,
  url = {https://docs.couchbase.com/server/6.0/learn/buckets-memory-and-storage/compression.html},
  urldate = {2019-03-12}
}

@online{couchbaseDocuBuckMemStor,
  author = {Couchbase},
  title = {Couchbase Documentation: Sub-documents},
  year = 2019,
  url = {https://docs.couchbase.com/server/6.0/learn/buckets-memory-and-storage/buckets-memory-and-storage.html},
  urldate = {2019-03-12}
}

@online{couchbaseDocuVbuckets,
  author = {Couchbase},
  title = {Couchbase Documentation: vBuckets},
  year = 2019,
  url = {https://docs.couchbase.com/server/6.0/learn/buckets-memory-and-storage/vbuckets.html},
  urldate = {2019-03-12}
}

@online{couchbaseDocuExpiration,
  author = {Couchbase},
  title = {Couchbase Documentation: Expiration},
  year = 2019,
  url = {https://docs.couchbase.com/server/6.0/learn/buckets-memory-and-storage/expiration.html},
  urldate = {2019-04-13}
}

@online{couchbaseSDK,
  author = {Couchbase},
  title = {Couchbase Documentation: SDKs},
  year = 2019,
  url = {https://docs.couchbase.com/server/4.0/sdks/intro.html},
  urldate = {2019-04-15}
}

@online{couchbaseCAP,
  author = {Cihan Biyikoglu},
  title = {CAP Theorem and Couchbase Server… But this time with XDCR},
  year = 2014,
  url = {https://blog.couchbase.com/cap-theorem-and-couchbase-server-time-xdcr/},
  urldate = {2019-04-13}
}

@online{dbEngineRankingPopularity,
  author = {DB-Engines},
  title = {DB-Engines Ranking - Trend of Document Stores Popularity},
  year = 2019,
  url = {https://db-engines.com/en/ranking_trend/document+store},
  urldate = {2019-03-10}
}

@online{ian2016,
  author = {Ian},
  title = {What is a Document Store Database?},
  year = 2016,
  url = {https://database.guide/what-is-a-document-store-database/},
  urldate = {2019-03-10}
}

@online{mongodb2019,
  author = {Ian},
  title = {Document Databases: What is a Document Store Database?},
  year = 2019,
  url = {https://www.mongodb.com/document-databases},
  urldate = {2019-03-10}
}

@article{objelean,
  author = {Alexandru Objelean},
  title = {Introduction to Couchbase - NoSQL Document Database},
  year = 2019,
  url = {https://www.todaysoftmag.com/article/1506/introduction-to-couchbase-nosql-document-database},
  journal = {Today Software Magazine},
  volume  = 35
}

@article{ingenthron,
  author = {Matt Ingenthron},
  title = {What exactly is membase?},
  year = 2014,
  url = {https://blog.couchbase.com/what-exactly-membase/},
  journal = {Couchbase Blog},
}

@online{popescuBacalu,
  author = {Alex Popescu and Ana-Maria Bacalu},
  title = {What is Membase?},
  year = 2010,
  url = {http://nosql.mypopescu.com/post/728983002/what-is-membase},
  urldate = {2019-04-13}
}

@book{proCouchbaseServer,
  author = {David Ostrovsky and Mohammed Haji and Yaniv Rodenski},
  title = {Pro Couchbase Server - High Performance and Scalable Document Databases},
  year = 2015,
  publisher = {Springer Science+Business Media},
  isbn = {9781484211854}
}

@book{proCouchbaseDev,
  author = {Deepak Vohra},
  title = {Pro Couchbase Development - A NoSQL Platform for the Enterprise},
  year = 2015,
  publisher = {Springer Science+Business Media},
  isbn = {9781484214343}
}

@online{couchbaseDocN1Ql,
  author = {Couchbase},
  title = {Run Your First N1QL Query},
  year = 2018,
  url = {https://docs.couchbase.com/server/6.0/n1ql/n1ql-language-reference/},
  urldate = {2019-04-14}
}

@online{couchbaseDocViews,
  author = {Couchbase},
  title = {Understanding views},
  year = 2019,
  url = {https://developer.couchbase.com/documentation/server/3.x/developer/dev-guide-3.0/views.html},
  urldate = {2019-04-14}
}

@techreport{compNoSQLandSQL,
  author = {Yishan Li and Sathiamoorthy Manoharan},
  title = {A performance comparison of SQL and NoSQLdatabases},
  year = 2013,
  institution = {University of Auckland, Department of Computer Science}
}

@inproceedings{insert,
  author = {Enqing Tang and Yushun Fan},
  title = {Performance Comparison  between Five NoSQL Databases},
  year = 2016,
  booktitle = {7th International Conference on Cloud Computing and Big Data}
}

@book{getStarted,
  title = {Getting Started with Couchbase Server: Extreme Scalability at Your Fingertips},
  author = {MC Brown},
  year = 2012,
  publisher = {O'Reilly},
  isbn = {9781449331061}
}

@Manual{rethinkdb,
    organization = {"RethinkDB"},
    title = {RethinkDB},
    url = {https://www.rethinkdb.com},
    year = {2019},
    urldate = {2019-04-16}
}

@Manual{rethinkdb_reql,
    organization = {"RethinkDB"},
    title = {Introduction to ReQL},
    url = {https://www.rethinkdb.com/docs/introduction-to-reql/},
    year = {2019},
    urldate = {2019-04-16}
}

@Manual{rethinkdb:architecture,
    organization = {RethinkDB},
    title = {RethinkDB Architecture FAQ},
    url={https://rethinkdb.com/docs/architecture/},
    year = {2019},
    urldate = {2019-04-15}
}
@Manual{rethinkdb:changefeeds,
    organization = {RethinkDB},
    title = {RethinkDB Changefeed Docs},
    url={https://www.rethinkdb.com/docs/changefeeds/javascript/},
    year = {2019},
    urldate = {2019-04-15}
}

@Manual{rethinkdb:data_types,
    organization = {RethinkDB},
    title = {ReQL data types},
    url={https://www.rethinkdb.com/docs/data-types/},
    year = {2019},
    urldate = {2019-04-08}
}

@Manual{rethinkdb:faq,
    organization = {RethinkDB},
    title = {RethinkDB FAQ},
    url={https://rethinkdb.com/faq/},
    year = {2019},
    urldate = {2019-04-15}
}
@Manual{rethinkdb:performance,
    organization = {RethinkDB},
    title = {RethinkDB Performance Report},
    url={https://rethinkdb.com/docs/2-1-5-performance-report/},
    year = {2019},
    urldate = {2019-04-15}
}
@Manual{rethinkdb:secondary_indices,
    organization = {"RethinkDB"},
    title = {Using secondary indexes in RethinkDB},
    url = {https://www.rethinkdb.com/docs/secondary-indexes/python/},
    year = {2019},
    urldate = {2019-04-12}
}

@Manual{rethinkdb:eq_join,
    organization = {"RethinkDB"},
    title = {ReQL command: eq_join},
    url = {https://www.rethinkdb.com/api/python/eq_join/},
    year = {2019},
    urldate = {2019-04-12}
}

@Manual{rethinkdb:zip,
    organization = {"RethinkDB"},
    title = {ReQL command: zip},
    url = {https://www.rethinkdb.com/api/python/zip/},
    year = {2019},
    urldate = {2019-04-12}
}

@Article{Eich:1988:44203,
 editor = {Eich, Margaret},
 journal = {SIGMOD Rec.},
 year = {1988},
 issn = {0163-5808},
 volume = {17},
 number = {1},
 issue_date = {March, 1988},
 issue_description = {Special Issue on Real-Time Database Systems},
 publisher = {ACM},
 address = {New York, NY, USA},
} 
@article{Singhal:1988:IAD:44203.44205,
 author = {Singhal, Mukesh},
 title = {Issues and Approaches to Design of Real-time Database Systems},
 journal = {SIGMOD Rec.},
 issue_date = {March, 1988},
 volume = {17},
 number = {1},
 month = mar,
 year = {1988},
 issn = {0163-5808},
 pages = {19--33},
 numpages = {15},
 url = {http://doi.acm.org/10.1145/44203.44205},
 doi = {10.1145/44203.44205},
 acmid = {44205},
 publisher = {ACM},
 address = {New York, NY, USA},
} 

@article{Wingerath2017,
 author = {Wolfram Wingerath},
 title = {A Real-Time Database Survey: The Architecture of Meteor, RethinkDB, Parse \& Firebase},
 journal = {Medium},
 month = 07,
 year = {2017},
 day = 16,
 url = {https://medium.baqend.com/real-time-databases-explained-why-meteor-rethinkdb-parse-and-firebase-dont-scale-822ff87d2f87}
} 

@online{rethinkdb:announcement,
  author = {Slava Akhmechet},
  title = {RethinkDB: a new kind of database},
  year = 2009,
  month = 07,
  day = 24,
  url = {https://www.rethinkdb.com/blog/rethinkdb-a-new-kind-of-database/},
  urldate = {2019-04-09}
}

@online{rethinkdb:production_ready,
  author = {Ryan Paul},
  title = {RethinkDB 2.0: production ready},
  year = 2015,
  month = 04,
  day = 14,
  url = {https://www.rethinkdb.com/blog/2.0-release/},
  urldate = {2019-04-09}
}

@online{rethinkdb:open_source,
  author = {RethinkDB Team},
  title = {RethinkDB is out: an open-source distributed database},
  year = 2012,
  month = 11,
  day = 09,
  url = {https://www.rethinkdb.com/blog/rethinkdb-12-release/},
  urldate = {2019-04-09}
}

@online{rethinkdb:shutting_down,
  author = {Slava Akhmechet},
  title = {RethinkDB is shutting down},
  year = 2016,
  month = 10,
  day = 05,
  url = {https://www.rethinkdb.com/blog/rethinkdb-shutdown/},
  urldate = {2019-04-09}
}

@online{rethinkdb:linux_foundation,
  author = {Michael Glukhovsky},
  title = {RethinkDB joins the Linux Foundation},
  year = 2017,
  month = 02,
  day = 06,
  url = {https://www.rethinkdb.com/blog/rethinkdb-joins-linux-foundation/},
  urldate = {2019-04-09}
}
% https://www.cl.cam.ac.uk/~ey204/teaching/ACS/R212_2014_2015/papers/lakshman_ladis_2009.pdf
@article{lakshman2010cassandra,
  title={Cassandra: a decentralized structured storage system},
  author={Lakshman, Avinash and Malik, Prashant},
  journal={ACM SIGOPS Operating Systems Review},
  volume={44},
  number={2},
  pages={35--40},
  year={2010},
  publisher={ACM}
}

@misc{hatcher2018nosqltype,
  author = {Jim Hatcher},
  title = {Do I Have the Right Type of NoSQL Database?},
  journal = {Datastax Blog},
  type = {Blog},
  number = {November 20},
  year = {2018},
  howpublished = {\url{https://www.datastax.com/2018/11/do-i-have-the-right-type-of-nosql-database}}
}

@misc{cassandracode,
  author = {{Apache Software Foundation}},
  title = {Cassandra},
  year = {2007--2019},
  version = {3.11.4},
  howpublished = {\url{https://gitbox.apache.org/repos/asf/cassandra.git}}
}

% http://www.cs.wayne.edu/andrey/papers/bigdata2015.pdf
@inproceedings{chebotko2015big,
  title={A big data modeling methodology for Apache Cassandra},
  author={Chebotko, Artem and Kashlev, Andrey and Lu, Shiyong},
  booktitle={2015 IEEE International Congress on Big Data},
  pages={238--245},
  year={2015},
  organization={IEEE}
}

% http://117.3.71.125:8080/dspace/bitstream/DHKTDN/6799/1/6174.Cassandra%20The%20definitive%20guide.pdf
@book{hewitt2010cassandra,
  title={Cassandra: the definitive guide},
  author={Hewitt, Eben},
  year={2010},
  publisher={" O'Reilly Media, Inc."}
}

% https://s3.amazonaws.com/academia.edu.documents/38476517/06106531.pdf?AWSAccessKeyId=AKIAIWOWYYGZ2Y53UL3A&Expires=1552963716&Signature=Dwy3v60JQpZ3Kcb127HFrPKvA%2F0%3D&response-content-disposition=inline%3B%20filename%3DSurvey_on_NoSQL_Database_PCN_and_CAD_Cen.pdf
@inproceedings{han2011survey,
  title={Survey on NoSQL database},
  author={Han, Jing and Haihong, E and Le, Guan and Du, Jian},
  booktitle={2011 6th international conference on pervasive computing and applications},
  pages={363--366},
  year={2011},
  organization={IEEE}
}

% https://pdfs.semanticscholar.org/cc35/3ac11af278aa60569e8093a82663fdb24699.pdf
@article{deka2014survey,
  title={A survey of cloud database systems},
  author={Deka, Ganesh Chandra},
  journal={IT Professional},
  volume={16},
  number={2},
  pages={50--57},
  year={2014},
  publisher={IEEE}
}

% http://dinus.ac.id/private_lib/fahri/MASTERING_APACHE_CASSANDRA.pdf
@book{neeraj2013mastering,
  title={Mastering Apache Cassandra},
  author={Neeraj, Nishant},
  year={2013},
  publisher={Packt Publishing Ltd}
}

@misc{datastax6cqldoc,
  author = {Datastax},
  title = {CQL for Datastax Enterprise},
  month = {2},
  year = {2019},
  version = {6.7},
  howpublished = {\url{https://docs.datastax.com/en/dse/6.7/cql/}}
}

@book{Carpenter2016Jun,
	author = {Carpenter, Jeff and Hewitt, Eben},
	title = {{Cassandra: The Definitive Guide}},
	year = {2016},
	month = {Jun},
	isbn = {978-1-4919-3366-4},
	publisher = {O'Reilly Media},
	url = {http://shop.oreilly.com/product/0636920043041.do}
}


@book{cassandra_oreilly,
  author = {Carpenter, Jeff and Hewitt, Eben},
  title = {{Cassandra: The Definitive Guide}},
  year = {2016},
  month = {6},
  isbn = {978-1-4919-3366-4},
  publisher = {O'Reilly Media},
  url = {http://shop.oreilly.com/product/0636920043041.do},
  urldate = {2019-03-30},
}

@misc{cassandra3cqldoc,
  author = {{DataStax, Inc.}},
  title = {{CQL for Apache Cassandra 3.0}},
  month = {2},
  year = {2019},
  version = {3.0},
  url = {https://docs.datastax.com/en/cql/3.3/},
  urldate = {2019-03-30},
}

@misc{cassandra_cern,
  author = {Alexandru Dan Sicoe},
  title = {{A Persistent Back-End for the ATLAS Online Information Service}},
  url = {https://cds.cern.ch/record/1432912/files/ATL-DAQ-SLIDE-2012-067.pdf},
  urldate = {2019-03-30},
  month = {3},
  year = {2012},
}

@misc{cassandra_apple,
  author = {Sankalp Kohli},
  title = {{Cassandra at Apple for Massive Scale}},
  month = {9},
  year = {2014},
  url = {https://www.youtube.com/watch?v=Bc4ql9TDzyg},
  urldate = {2019-03-30},
}

@misc{cassandra_netflix,
  author = {Adrian Cockcroft},
  title = {{Replacing Datacenter Oracle with Global Apache Cassandra on AWS}},
  month = {7},
  year = {2011},
  url = {https://www.slideshare.net/adrianco/migrating-netflix-from-oracle-to-global-cassandra/28-Remote_Copies_Cassandra_duplicates_across},
  urldate = {2019-03-30},
}

@misc{cassandra_ebay,
  author = {Jay Patel},
  title = {{Cassandra at eBay}},
  month = {8},
  year = {2012},
  url = {https://www.slideshare.net/jaykumarpatel/cassandra-at-ebay-13920376},
  urldate = {2019-03-30},
}

@misc{cqlAlexMeng,
  author = {Alex Meng},
  title = {{Cassandra Query Language (CQL) vs SQL – Alex Meng – Medium}},
  month = {11},
  year = {2014},
  url = {https://medium.com/@alexbmeng/cassandra-query-language-cql-vs-sql-7f6ed7706b4c},
  urldate = {2019-03-30},
}

@misc{newInCQL3,
  author = {Paul Cannon},
  title = {{What’s New in CQL 3.0 | DataStax}},
  year = {2012},
  month = {4},
  url = {https://www.datastax.com/dev/blog/whats-new-in-cql-3-0},
  urldate = {2019-03-30},
}

@misc{datastaxReadData,
  author = {{DataStax, Inc.}},
  title = {{How is data read? | Apache Cassandra 3.0}},
  month = {2},
  year = {2019},
  url = {https://docs.datastax.com/en/cassandra/3.0/cassandra/dml/dmlHowDataWritten.html},
  urldate = {2019-03-30},
}

@misc{datastaxWriteData,
  author = {{DataStax, Inc.}},
  title = {{How is data written? | Apache Cassandra 3.0}},
  month = {2},
  year = {2019},
  url = {https://docs.datastax.com/en/cassandra/3.0/cassandra/dml/dmlHowDataWritten.html},
  urldate = {2019-03-30},
}

@misc{cassandraCompactTool,
  author = {{DataStax, Inc.}},
  title = {{nodetool compact | Apache Cassandra 3.0}},
  month = {2},
  year = {2019},
  url = {https://docs.datastax.com/en/cassandra/3.0/cassandra/tools/toolsCompact.html},
  urldate = {2019-03-30},
}

@misc{cassandra_ebay2,
  author = {Feng Qu},
  title = {{Cassandra Best Practices at ebay inc}},
  month = {9},
  year = {2014},
  url = {https://www.slideshare.net/planetcassandra/cassandra-summit-2014-39677149},
  urldate = {2019-03-30},
}

@misc{cassandra_apache,
  author = {{Apache Foundation}},
  title = {Cassandra Apache},
  month = {4},
  year = {2019},
  url = {https://cassandra.apache.org/},
  urldate = {2019-03-30},
}

@misc{db_engines,
  author = {{DB-Engines}},
  title = {{DB-Engines Ranking}},
  month = {4},
  year = {2019},
  url = {https://db-engines.com/en/ranking},
  urldate = {2019-03-30},
}

@misc{hobbs_datamodeling,
  author = {Tyler Hobbs},
  title = {Basic Rules of Cassandra Data Modeling},
  month = {2},
  year = {2015},
  url = {https://www.datastax.com/dev/blog/basic-rules-of-cassandra-data-modeling},
  urldate = {2019-03-30},
}

@misc{guru99_modeling,
  author = {{Guru99}},
  title = {Cassandra Data Model with Simple Example},
  month = {4},
  year = {2019},
  url = {https://www.guru99.com/cassandra-data-model-rules.html},
  urldate = {2019-03-30},
}

@misc{datastax_secondary_index,
  author = {Dui Hai Doan},
  title = {Cassandra Native Secondary Index Deep Dive},
  month = {4},
  year = {2016},
  url = {https://www.datastax.com/dev/blog/cassandra-native-secondary-index-deep-dive},
  urldate = {2019-03-30},
}

@misc{datastax_when_index,
  author = {{DataStax, Inc.}},
  title = {When to use an index},
  month = {7},
  year = {2017},
  url = {https://docs.datastax.com/en/archived/cql/3.0/cql/ddl/ddl_when_use_index_c.html},
  urldate = {2019-03-30},
}

@misc{cassandra_architecture_akhil,
  author = {Akhil Mehra},
  title = {Apache Cassandra Architecture},
  month = {1},
  year = {2015},
  url = {http://abiasforaction.net/cassandra-architecture/},
  urldate = {2019-03-30},
}

@misc{datastax_balancing,
  author = {Nick Bailey},
  title = {Balancing Your Cassandra Cluster},
  month = {3},
  year = {2012},
  url = {https://www.datastax.com/dev/blog/balancing-your-cassandra-cluster},
  urldate = {2019-03-30},
}

@misc{yelp_balancing,
  author = {Joseph Lynch},
  title = {Monitoring Cassandra at Scale},
  month = {6},
  year = {2016},
  url = {https://engineeringblog.yelp.com/2016/06/monitoring-cassandra-at-scale.html},
  urldate = {2019-03-30},
}

@misc{cassandra_distributed_read,
  author = {{DataStax, Inc.}},
  title = {{How are read requests accomplished? | Apache Cassandra 3.0}},
  month = {2},
  year = {2019},
  url = {https://docs.datastax.com/en/cassandra/3.0/cassandra/dml/dmlClientRequestsRead.html},
  urldate = {2019-03-30},
}

@misc{cassandra_distributed_write,
  author = {{DataStax, Inc.}},
  title = {{How are write requests accomplished? | Apache Cassandra 3.0}},
  month = {2},
  year = {2019},
  url = {https://docs.datastax.com/en/cassandra/3.0/cassandra/dml/dmlClientRequestsWrite.html},
  urldate = {2019-03-30},
}

@misc{hinted_handoff,
  author = {{DataStax, Inc.}},
  title = {{Hinted Handoff: repair during write path | Apache Cassandra 3.0}},
  month = {2},
  year = {2019},
  url = {https://docs.datastax.com/en/cassandra/3.0/cassandra/operations/opsRepairNodesHintedHandoff.html},
  urldate = {2019-03-30},
}

@misc{cqlPrimaryKeyDefinition,
  author = {Johnny Miller},
  title = {Introduction to CQL and Data Modeling with Apache Cassandra},
  month = {2},
  year = {2014},
  url = {https://www.slideshare.net/johnny15676/introduction-to-cql-and-data-modeling},
  urldate = {2019-03-30},
}

@misc{cassandra_config,
  author = {{DataStax, Inc.}},
  title = {{The cassandra.yaml configuration file}},
  month = {2},
  year = {2019},
  url = {https://docs.datastax.com/en/cassandra/3.0/cassandra/configuration/configCassandra_yaml.html},
  urldate = {2019-03-30},
}

@misc{cassandra_jvm_tuning,
  author = {{DataStax, Inc.}},
  title = {{Tuning Java resources | Apache Cassandra 3.0}},
  month = {2},
  year = {2019},
  url = {https://docs.datastax.com/en/cassandra/3.0/cassandra/operations/opsTuneJVM.html},
  urldate = {2019-03-30},
}

@misc{datastax_hardware,
  author = {{DataStax, Inc.}},
  title = {{Selecting hardware for DataStax Enterprise implementations | DSE Planning guide}},
  month = {2},
  year = {2019},
  url = {https://docs.datastax.com/en/dse-planning/doc/planning/planningHardware.html},
  urldate = {2019-03-30},
}

@article{chang2008bigtable,
  title={Bigtable: A distributed storage system for structured data},
  author={Chang, Fay and Dean, Jeffrey and Ghemawat, Sanjay and Hsieh, Wilson C and Wallach, Deborah A and Burrows, Mike and Chandra, Tushar and Fikes, Andrew and Gruber, Robert E},
  journal={ACM Transactions on Computer Systems (TOCS)},
  volume={26},
  number={2},
  pages={4},
  year={2008},
  publisher={ACM}
}

@misc{wideColumnGraphic,
  author = {{database.guide}},
  year = {2016},
  month = {6},
  title = {{What is a Column Store Database?}},
  url = {https://database.guide/what-is-a-column-store-database/},
  urldate = {2019-03-30},
}

@misc{cassandraInCAPtheorem,
  author = {Dietrich Featherston},
  title = {{Cassandra:  Principles and Application}},
  url = {http://disi.unitn.it/~montreso/ds/papers/Cassandra.pdf},
  urldate = {2019-03-30},
  journal={Department of Computer Science University of Illinois at Urbana-Champaign},
  year={2010}
}

@misc{cassandra_usecase_fraud,
  author = {{DataStax Inc.}},
  title = {UseCases Fraud Detection},
  url = {https://academy.datastax.com/use-cases/fraud-detection},
  urldate = {2019-03-30},
}

@inproceedings{chebotko2015data,
  title={A big data modeling methodology for Apache Cassandra},
  author={Chebotko, Artem and Kashlev, Andrey and Lu, Shiyong},
  booktitle={2015 IEEE International Congress on Big Data},
  pages={238--245},
  year={2015},
  organization={IEEE}
}

@misc{hale2010sacrifice,
  author = {{Coda Hale}},
  title = {{You Can’t Sacrifice Partition Tolerance}},
  url = {https://codahale.com/you-cant-sacrifice-partition-tolerance/},
  year = {2010},
  month = {10},
  urldate = {2019-03-30},
}

@misc{cassandra3cqldocUse,
  author = {{DataStax, Inc.}},
  title = {{USE | CQL for Apache Cassandra 3.0}},
  month = {2},
  year = {2019},
  version = {3.0},
  url = {https://docs.datastax.com/en/cql/3.3/cql/cql_reference/cqlUse.html},
  urldate = {2019-04-14},
}

@misc{cassandra3cqldocCreateKeystore,
  author = {{DataStax, Inc.}},
  title = {{CREATE KEYSPACE | CQL for Apache Cassandra 3.0}},
  month = {2},
  year = {2019},
  version = {3.0},
  url = {https://docs.datastax.com/en/cql/3.3/cql/cql_reference/cqlCreateKeyspace.html},
  urldate = {2019-04-14},
}

@misc{cassandra3cqldocCreateTable,
  author = {{DataStax, Inc.}},
  title = {{CREATE TABLE | CQL for Apache Cassandra 3.0}},
  month = {2},
  year = {2019},
  version = {3.0},
  url = {https://docs.datastax.com/en/cql/3.3/cql/cql_reference/cqlCreateTable.html},
  urldate = {2019-04-14},
}

@misc{cassandra3cqldocSelect,
  author = {{DataStax, Inc.}},
  title = {{SELECT | CQL for Apache Cassandra 3.0}},
  month = {2},
  year = {2019},
  version = {3.0},
  url = {https://docs.datastax.com/en/cql/3.3/cql/cql_reference/cqlSelect.html},
  urldate = {2019-04-14},
}

@misc{datastax_vnodes,
  author = {Brandon Williams},
  title = {{Virtual nodes in Cassandra 1.2}},
  month = {12},
  year = {2012},
  url = {https://www.datastax.com/dev/blog/virtual-nodes-in-cassandra-1-2},
  urldate = {2019-04-16},
}

@misc{datastax_consistency_level,
  author = {{DataStax Inc.}},
  title = {How is the consistency level configured?},
  url = {https://docs.datastax.com/en/cassandra/3.0/cassandra/dml/dmlConfigConsistency.html},
  urldate = {2019-04-16},
  year = {2019},
  month = {2}
}

@misc{datastax_replication,
  author = {{DataStax Inc.}},
  title = {Data Replication},
  url = {https://docs.datastax.com/en/dse/5.1/dse-arch/datastax_enterprise/dbArch/archDataDistributeReplication.html},
  urldate = {2019-04-16},
  year = {2019},
  month = {2}
}

@inproceedings{karger1997consistent,
  title={Consistent hashing and random trees: Distributed caching protocols for relieving hot spots on the world wide web},
  author={Karger, David and Lehman, Eric and Leighton, Tom and Levine, Matthew and Lewin, Daniel and Panigrahy, Rina},
  booktitle={STOC},
  volume={97},
  pages={654--663},
  year={1997}
}

@misc{datastax_consistency,
  author = {{DataStax Inc.}},
  title = {How are consistent read and write operations handled?},
  url = {https://docs.datastax.com/en/cassandra/3.0/cassandra/dml/dmlAboutDataConsistency.html},
  urldate = {2019-04-16},
  year = {2019},
  month = {2}
}

@article{fermi2004giant,
  title={The sensitive giant},
  author={{DOE/Fermi National Accelerator Laboratory}},
  journal={US Department of Energy Science News},
  year={2010},
  month={3},
  note={\url{https://www.eurekalert.org/features/doe/2004-03/dnal-tsg032604.php}}
}

@misc{casandra_apache_hardware,
  author = {{Apache Foundation}},
  title = {Hardware Choices},
  year = {2016},
  url = {http://cassandra.apache.org/doc/latest/operating/hardware.html},
  urldate = {2019-04-17},
}
